
    <zs:record>
      <zs:recordSchema/>
      <zs:recordPacking>xml</zs:recordPacking>
      <zs:recordData>
        <record xmlns="http://www.loc.gov/MARC21/slim">
          <leader>02104cam a22003014a 4500</leader>
          <controlfield tag="001">15539157</controlfield>
          <controlfield tag="005">20090408144133.0</controlfield>
          <controlfield tag="008">081201s2009    nyua     b    001 0 eng  </controlfield>
          <datafield tag="906" ind1=" " ind2=" ">
            <subfield code="a">7</subfield>
            <subfield code="b">cbc</subfield>
            <subfield code="c">orignew</subfield>
            <subfield code="d">1</subfield>
            <subfield code="e">ecip</subfield>
            <subfield code="f">20</subfield>
            <subfield code="g">y-gencatlg</subfield>
          </datafield>
          <datafield tag="925" ind1="0" ind2=" ">
            <subfield code="a">acquire</subfield>
            <subfield code="b">2 shelf copies</subfield>
            <subfield code="x">policy default</subfield>
          </datafield>
          <datafield tag="955" ind1=" " ind2=" ">
            <subfield code="a">re09 2008-12-01</subfield>
            <subfield code="i">re09 2008-12-01</subfield>
            <subfield code="e">re12 2008-12-03 to Dewey</subfield>
            <subfield code="a">bf07 2008-12-04</subfield>
            <subfield code="a">xe03 2009-03-20 2 copies rec'd., to CIP ver.</subfield>
            <subfield code="f">rc17 2009-04-08 CIP ver.</subfield>
            <subfield code="g">rc17 2009-04-08 to BCCD copy 2 added</subfield>
          </datafield>
          <datafield tag="010" ind1=" " ind2=" ">
            <subfield code="a">  2008051505</subfield>
          </datafield>
          <datafield tag="020" ind1=" " ind2=" ">
            <subfield code="a">9780415999267</subfield>
          </datafield>
          <datafield tag="040" ind1=" " ind2=" ">
            <subfield code="a">DLC</subfield>
            <subfield code="c">DLC</subfield>
            <subfield code="d">DLC</subfield>
          </datafield>
          <datafield tag="050" ind1="0" ind2="0">
            <subfield code="a">LB1731</subfield>
            <subfield code="b">.P459 2009</subfield>
          </datafield>
          <datafield tag="082" ind1="0" ind2="0">
            <subfield code="a">370.71/5</subfield>
            <subfield code="2">22</subfield>
          </datafield>
          <datafield tag="245" ind1="0" ind2="0">
            <subfield code="a">Perspectives on supported collaborative teacher inquiry /</subfield>
            <subfield code="c">edited by David Slavit, Tamara Holmlund Nelson, and Anne Kennedy.</subfield>
          </datafield>
          <datafield tag="260" ind1=" " ind2=" ">
            <subfield code="a">New York :</subfield>
            <subfield code="b">Routledge,</subfield>
            <subfield code="c">c2009.</subfield>
          </datafield>
          <datafield tag="300" ind1=" " ind2=" ">
            <subfield code="a">xix, 187 p. :</subfield>
            <subfield code="b">ill. ;</subfield>
            <subfield code="c">24 cm.</subfield>
          </datafield>
          <datafield tag="490" ind1="0" ind2=" ">
            <subfield code="a">Routledge research in education</subfield>
          </datafield>
          <datafield tag="504" ind1=" " ind2=" ">
            <subfield code="a">Includes bibliographical references and index.</subfield>
          </datafield>
          <datafield tag="505" ind1="0" ind2=" ">
            <subfield code="a">Supported collaborative teacher inquiry / David Slavit and Tamara Holmlund Nelson -- Developing teachers' stances of inquiry: studying teachers' evolving perspectives (STEP) / Lisa Clement Lamb ... [et al.] -- Mathematics curriculum implementation via collaborative inquiry: focusing on facilitating mathematics classroom discourse / Amy Roth McDuffie -- The influence of standards and high-stakes test-related documents on teachers' collaborative inquiry / Tamara Holmlund Nelson ... [et al.] -- Dialogue as support in teacher collaborative inquiry / Elizabeth Bondy and Pamela Williamson -- New teachers' collaborative inquiry in rural schools: challenges and opportunities / Kerri J. Wenger and Jan Renee Dinsmore -- Resource networks for collaborative teacher inquiry / David Slavit ... [et al.] -- Supporting collaborative teacher inquiry / Anne Kennedy, David Slavit, and Tamara Holmlund Nelson.</subfield>
          </datafield>
          <datafield tag="650" ind1=" " ind2="0">
            <subfield code="a">Teachers</subfield>
            <subfield code="x">In-service training.</subfield>
          </datafield>
          <datafield tag="650" ind1=" " ind2="0">
            <subfield code="a">Reflective teaching.</subfield>
          </datafield>
          <datafield tag="650" ind1=" " ind2="0">
            <subfield code="a">Mentoring in education.</subfield>
          </datafield>
          <datafield tag="700" ind1="1" ind2=" ">
            <subfield code="a">Slavit, David.</subfield>
          </datafield>
          <datafield tag="700" ind1="1" ind2=" ">
            <subfield code="a">Holmlund Nelson, Tamara D.</subfield>
            <subfield code="q">(Tamara Dawn)</subfield>
          </datafield>
          <datafield tag="700" ind1="1" ind2=" ">
            <subfield code="a">Kennedy, Anne.</subfield>
          </datafield>
        </record>
      </zs:recordData>
      <zs:recordPosition>6</zs:recordPosition>
    </zs:record>