
    <zs:record>
      <zs:recordSchema/>
      <zs:recordPacking>xml</zs:recordPacking>
      <zs:recordData>
        <record xmlns="http://www.loc.gov/MARC21/slim">
          <leader>01402cam a2200337 i 4500</leader>
          <controlfield tag="001">17923527</controlfield>
          <controlfield tag="005">20141103140509.0</controlfield>
          <controlfield tag="008">131030s2014    nyua   a      000 1 eng  </controlfield>
          <datafield tag="906" ind1=" " ind2=" ">
            <subfield code="a">7</subfield>
            <subfield code="b">cbc</subfield>
            <subfield code="c">orignew</subfield>
            <subfield code="d">1</subfield>
            <subfield code="e">ecip</subfield>
            <subfield code="f">20</subfield>
            <subfield code="g">y-gencatlg</subfield>
          </datafield>
          <datafield tag="925" ind1="0" ind2=" ">
            <subfield code="a">acquire</subfield>
            <subfield code="b">1 shelf copy</subfield>
            <subfield code="x">policy default</subfield>
          </datafield>
          <datafield tag="955" ind1=" " ind2=" ">
            <subfield code="b">xk05 2013-10-30</subfield>
            <subfield code="i">xk05 2013-11-01 (telework) to CIP</subfield>
            <subfield code="a">xn11 2014-10-21 1 copy rec'd., to CIP ver.</subfield>
            <subfield code="f">xk18 2014-11-03 to CALM</subfield>
          </datafield>
          <datafield tag="010" ind1=" " ind2=" ">
            <subfield code="a">  2013040050</subfield>
          </datafield>
          <datafield tag="020" ind1=" " ind2=" ">
            <subfield code="a">9781441315267</subfield>
          </datafield>
          <datafield tag="040" ind1=" " ind2=" ">
            <subfield code="a">DLC</subfield>
            <subfield code="b">eng</subfield>
            <subfield code="c">DLC</subfield>
            <subfield code="e">rda</subfield>
            <subfield code="d">DLC</subfield>
          </datafield>
          <datafield tag="042" ind1=" " ind2=" ">
            <subfield code="a">pcc</subfield>
            <subfield code="a">lcac</subfield>
          </datafield>
          <datafield tag="050" ind1="0" ind2="0">
            <subfield code="a">PZ8.3.B39552</subfield>
            <subfield code="b">Zoo 2014</subfield>
          </datafield>
          <datafield tag="082" ind1="0" ind2="0">
            <subfield code="a">[E]</subfield>
            <subfield code="2">23</subfield>
          </datafield>
          <datafield tag="100" ind1="1" ind2=" ">
            <subfield code="a">Beilenson, Evelyn L.</subfield>
          </datafield>
          <datafield tag="245" ind1="1" ind2="4">
            <subfield code="a">The zoo is closed today! :</subfield>
            <subfield code="b">until further notice /</subfield>
            <subfield code="c">written by Evelyn Beilenson ; illustrated by Anne Kennedy.</subfield>
          </datafield>
          <datafield tag="250" ind1=" " ind2=" ">
            <subfield code="a">First edition.</subfield>
          </datafield>
          <datafield tag="264" ind1=" " ind2="1">
            <subfield code="a">White Plains, New York :</subfield>
            <subfield code="b">Peter Pauper Press, Inc.,</subfield>
            <subfield code="c">2014.</subfield>
          </datafield>
          <datafield tag="300" ind1=" " ind2=" ">
            <subfield code="a">1 volume (unpaged) :</subfield>
            <subfield code="b">color illustrations ;</subfield>
            <subfield code="c">29 cm</subfield>
          </datafield>
          <datafield tag="336" ind1=" " ind2=" ">
            <subfield code="a">text</subfield>
            <subfield code="2">rdacontent</subfield>
          </datafield>
          <datafield tag="336" ind1=" " ind2=" ">
            <subfield code="a">still image</subfield>
            <subfield code="2">rdacontent</subfield>
          </datafield>
          <datafield tag="337" ind1=" " ind2=" ">
            <subfield code="a">unmediated</subfield>
            <subfield code="2">rdamedia</subfield>
          </datafield>
          <datafield tag="338" ind1=" " ind2=" ">
            <subfield code="a">volume</subfield>
            <subfield code="2">rdacarrier</subfield>
          </datafield>
          <datafield tag="520" ind1=" " ind2=" ">
            <subfield code="a">Sue and John ask Pete the zookeeper why Kalama Zoo is closed, and he tells them the animals are ill, from Edward the elephant who has a cold to Fran the flamingo who has a sore throat.</subfield>
          </datafield>
          <datafield tag="650" ind1=" " ind2="1">
            <subfield code="a">Stories in rhyme.</subfield>
          </datafield>
          <datafield tag="650" ind1=" " ind2="1">
            <subfield code="a">Zoo animals</subfield>
            <subfield code="v">Fiction.</subfield>
          </datafield>
          <datafield tag="650" ind1=" " ind2="1">
            <subfield code="a">Sick</subfield>
            <subfield code="v">Fiction.</subfield>
          </datafield>
          <datafield tag="700" ind1="1" ind2=" ">
            <subfield code="a">Kennedy, Anne,</subfield>
            <subfield code="d">1955-</subfield>
            <subfield code="e">illustrator.</subfield>
          </datafield>
        </record>
      </zs:recordData>
      <zs:recordPosition>8</zs:recordPosition>
    </zs:record>