
    <zs:record>
      <zs:recordSchema/>
      <zs:recordPacking>xml</zs:recordPacking>
      <zs:recordData>
        <record xmlns="http://www.loc.gov/MARC21/slim">
          <leader>01023pam a2200301 a 4500</leader>
          <controlfield tag="001">1004632</controlfield>
          <controlfield tag="005">19880210000000.0</controlfield>
          <controlfield tag="008">870421s1988    njua   j      000 1 eng  </controlfield>
          <datafield tag="035" ind1=" " ind2=" ">
            <subfield code="9">(DLC)   87010915</subfield>
          </datafield>
          <datafield tag="906" ind1=" " ind2=" ">
            <subfield code="a">7</subfield>
            <subfield code="b">cbc</subfield>
            <subfield code="c">orignew</subfield>
            <subfield code="d">1</subfield>
            <subfield code="e">ocip</subfield>
            <subfield code="f">19</subfield>
            <subfield code="g">y-gencatlg</subfield>
          </datafield>
          <datafield tag="010" ind1=" " ind2=" ">
            <subfield code="a">   87010915 </subfield>
          </datafield>
          <datafield tag="020" ind1=" " ind2=" ">
            <subfield code="a">0816710899 (lib. bdg.) :</subfield>
            <subfield code="c">$9.89</subfield>
          </datafield>
          <datafield tag="020" ind1=" " ind2=" ">
            <subfield code="a">0816710902 (pbk.) :</subfield>
            <subfield code="c">$2.95</subfield>
          </datafield>
          <datafield tag="040" ind1=" " ind2=" ">
            <subfield code="a">DLC</subfield>
            <subfield code="c">DLC</subfield>
            <subfield code="d">DLC</subfield>
          </datafield>
          <datafield tag="042" ind1=" " ind2=" ">
            <subfield code="a">lcac</subfield>
          </datafield>
          <datafield tag="050" ind1="0" ind2="0">
            <subfield code="a">PZ8.3.D184</subfield>
            <subfield code="b">Fv 1988</subfield>
          </datafield>
          <datafield tag="082" ind1="0" ind2="0">
            <subfield code="a">[E]</subfield>
            <subfield code="2">19</subfield>
          </datafield>
          <datafield tag="100" ind1="1" ind2=" ">
            <subfield code="a">Damon, Laura.</subfield>
          </datafield>
          <datafield tag="245" ind1="1" ind2="0">
            <subfield code="a">Funny fingers, funny toes /</subfield>
            <subfield code="c">written by Laura Damon ; illustrated by Anne Kennedy.</subfield>
          </datafield>
          <datafield tag="260" ind1=" " ind2=" ">
            <subfield code="a">Mahwah, N.J. :</subfield>
            <subfield code="b">Troll Associates,</subfield>
            <subfield code="c">c1988.</subfield>
          </datafield>
          <datafield tag="300" ind1=" " ind2=" ">
            <subfield code="a">[31] p. :</subfield>
            <subfield code="b">col. ill. ;</subfield>
            <subfield code="c">24 cm.</subfield>
          </datafield>
          <datafield tag="440" ind1=" " ind2="2">
            <subfield code="a">A Giant first-start reader</subfield>
          </datafield>
          <datafield tag="520" ind1=" " ind2=" ">
            <subfield code="a">A creature demonstrates the many uses of our fingers and toes.</subfield>
          </datafield>
          <datafield tag="650" ind1=" " ind2="1">
            <subfield code="a">Fingers</subfield>
            <subfield code="x">Fiction.</subfield>
          </datafield>
          <datafield tag="650" ind1=" " ind2="1">
            <subfield code="a">Toes</subfield>
            <subfield code="x">Fiction.</subfield>
          </datafield>
          <datafield tag="650" ind1=" " ind2="1">
            <subfield code="a">Stories in rhyme.</subfield>
          </datafield>
          <datafield tag="700" ind1="1" ind2=" ">
            <subfield code="a">Kennedy, Anne,</subfield>
            <subfield code="d">1955-</subfield>
            <subfield code="e">ill.</subfield>
          </datafield>
          <datafield tag="991" ind1=" " ind2=" ">
            <subfield code="b">c-GenColl</subfield>
            <subfield code="h">PZ8.3.D184</subfield>
            <subfield code="i">Fv 1988</subfield>
            <subfield code="p">00009511623</subfield>
            <subfield code="t">Copy 1</subfield>
            <subfield code="w">BOOKS</subfield>
          </datafield>
        </record>
      </zs:recordData>
      <zs:recordPosition>13</zs:recordPosition>
    </zs:record>