
    <zs:record>
      <zs:recordSchema/>
      <zs:recordPacking>xml</zs:recordPacking>
      <zs:recordData>
        <record xmlns="http://www.loc.gov/MARC21/slim">
          <leader>01387cam a2200313 a 4500</leader>
          <controlfield tag="001">12754565</controlfield>
          <controlfield tag="005">20021118141951.0</controlfield>
          <controlfield tag="008">020425s2001    nyua   a      000 1 eng  </controlfield>
          <datafield tag="906" ind1=" " ind2=" ">
            <subfield code="a">7</subfield>
            <subfield code="b">cbc</subfield>
            <subfield code="c">orignew</subfield>
            <subfield code="d">2</subfield>
            <subfield code="e">ncip</subfield>
            <subfield code="f">20</subfield>
            <subfield code="g">y-gencatlg</subfield>
          </datafield>
          <datafield tag="925" ind1="0" ind2=" ">
            <subfield code="a">acquire</subfield>
            <subfield code="b">1 shelf copies</subfield>
            <subfield code="x">policy default</subfield>
          </datafield>
          <datafield tag="955" ind1=" " ind2=" ">
            <subfield code="a">pv07 2002-04-25 to ASCD;</subfield>
            <subfield code="a">sj11 2002-08-28 forward to Children's Lit. as fiction</subfield>
            <subfield code="d">lb18 2002-11-18</subfield>
            <subfield code="e">lb05 2002-11-18 to BCCD</subfield>
          </datafield>
          <datafield tag="010" ind1=" " ind2=" ">
            <subfield code="a">  2002281629</subfield>
          </datafield>
          <datafield tag="020" ind1=" " ind2=" ">
            <subfield code="a">0439279046</subfield>
          </datafield>
          <datafield tag="040" ind1=" " ind2=" ">
            <subfield code="a">DLC</subfield>
            <subfield code="c">DLC</subfield>
          </datafield>
          <datafield tag="042" ind1=" " ind2=" ">
            <subfield code="a">pcc</subfield>
            <subfield code="a">lcac</subfield>
          </datafield>
          <datafield tag="050" ind1="0" ind2="0">
            <subfield code="a">PZ7.H136</subfield>
            <subfield code="b">Mag 2001</subfield>
          </datafield>
          <datafield tag="082" ind1="0" ind2="0">
            <subfield code="a">[E]</subfield>
            <subfield code="2">21</subfield>
          </datafield>
          <datafield tag="100" ind1="1" ind2=" ">
            <subfield code="a">Hall, Kirsten.</subfield>
          </datafield>
          <datafield tag="245" ind1="1" ind2="4">
            <subfield code="a">The magical world of ballet /</subfield>
            <subfield code="c">written by Kirsten Hall ; illustrated by Anne Kennedy.</subfield>
          </datafield>
          <datafield tag="260" ind1=" " ind2=" ">
            <subfield code="a">New York :</subfield>
            <subfield code="b">Scholastic,</subfield>
            <subfield code="c">c2001.</subfield>
          </datafield>
          <datafield tag="300" ind1=" " ind2=" ">
            <subfield code="a">1 v. (unpaged) :</subfield>
            <subfield code="b">col. ill. ;</subfield>
            <subfield code="c">25 cm. +</subfield>
            <subfield code="e">1 tutu.</subfield>
          </datafield>
          <datafield tag="440" ind1=" " ind2="0">
            <subfield code="a">Fantasy tales</subfield>
          </datafield>
          <datafield tag="500" ind1=" " ind2=" ">
            <subfield code="a">Tutu is in box attached to cover p. [2].</subfield>
          </datafield>
          <datafield tag="521" ind1="1" ind2=" ">
            <subfield code="a">"For ages 3 and up"</subfield>
          </datafield>
          <datafield tag="520" ind1=" " ind2=" ">
            <subfield code="a">A girl who is too young to take ballet classes learns the basic moves from her older sister, then gets a big surprise while watching her sister audition for The Nutcracker. Includes poems about ballet, summaries of famous ballet plots, and an introduction to ballet class, the five positions, and ballet terms.</subfield>
          </datafield>
          <datafield tag="650" ind1=" " ind2="1">
            <subfield code="a">Ballet</subfield>
            <subfield code="v">Fiction.</subfield>
          </datafield>
          <datafield tag="650" ind1=" " ind2="1">
            <subfield code="a">Dancers</subfield>
            <subfield code="v">Fiction.</subfield>
          </datafield>
          <datafield tag="650" ind1=" " ind2="1">
            <subfield code="a">Sisters</subfield>
            <subfield code="v">Fiction.</subfield>
          </datafield>
          <datafield tag="700" ind1="1" ind2=" ">
            <subfield code="a">Kennedy, Anne,</subfield>
            <subfield code="d">1955-</subfield>
            <subfield code="e">ill.</subfield>
          </datafield>
        </record>
      </zs:recordData>
      <zs:recordPosition>19</zs:recordPosition>
    </zs:record>