
    <zs:record>
      <zs:recordSchema/>
      <zs:recordPacking>xml</zs:recordPacking>
      <zs:recordData>
        <record xmlns="http://www.loc.gov/MARC21/slim">
          <leader>01604cam a22004337a 4500</leader>
          <controlfield tag="001">17455539</controlfield>
          <controlfield tag="005">20120910115716.0</controlfield>
          <controlfield tag="008">120907s2012    nyua   j      000 1 eng d</controlfield>
          <datafield tag="906" ind1=" " ind2=" ">
            <subfield code="a">7</subfield>
            <subfield code="b">cbc</subfield>
            <subfield code="c">copycat</subfield>
            <subfield code="d">2</subfield>
            <subfield code="e">ncip</subfield>
            <subfield code="f">20</subfield>
            <subfield code="g">y-gencatlg</subfield>
          </datafield>
          <datafield tag="925" ind1="0" ind2=" ">
            <subfield code="a">acquire</subfield>
            <subfield code="b">2 shelf copies</subfield>
            <subfield code="x">policy default</subfield>
          </datafield>
          <datafield tag="955" ind1=" " ind2=" ">
            <subfield code="b">xc11 2012-09-07 z-processor</subfield>
            <subfield code="i">xc11 2012-09-10 (telework) c. 1 to shelf</subfield>
          </datafield>
          <datafield tag="010" ind1=" " ind2=" ">
            <subfield code="a">  2012418523</subfield>
          </datafield>
          <datafield tag="015" ind1=" " ind2=" ">
            <subfield code="a">GBB1D6328</subfield>
            <subfield code="2">bnb</subfield>
          </datafield>
          <datafield tag="016" ind1="7" ind2=" ">
            <subfield code="a">015978139</subfield>
            <subfield code="2">Uk</subfield>
          </datafield>
          <datafield tag="020" ind1=" " ind2=" ">
            <subfield code="a">9780062086679 (pbk.)</subfield>
          </datafield>
          <datafield tag="020" ind1=" " ind2=" ">
            <subfield code="a">0062086677 (pbk.)</subfield>
          </datafield>
          <datafield tag="020" ind1=" " ind2=" ">
            <subfield code="a">9780062086693 (trade bdg.)</subfield>
          </datafield>
          <datafield tag="020" ind1=" " ind2=" ">
            <subfield code="a">0062086693 (trade bdg.)</subfield>
          </datafield>
          <datafield tag="020" ind1=" " ind2=" ">
            <subfield code="a">9781451734720 (Paw Prints)</subfield>
          </datafield>
          <datafield tag="020" ind1=" " ind2=" ">
            <subfield code="a">1451734727 (Paw Prints)</subfield>
          </datafield>
          <datafield tag="035" ind1=" " ind2=" ">
            <subfield code="a">(OCoLC)ocn766299143</subfield>
          </datafield>
          <datafield tag="040" ind1=" " ind2=" ">
            <subfield code="a">UKMGB</subfield>
            <subfield code="c">UKMGB</subfield>
            <subfield code="d">BDX</subfield>
            <subfield code="d">BKX</subfield>
            <subfield code="d">BPLCP</subfield>
            <subfield code="d">VP@</subfield>
            <subfield code="d">CGB</subfield>
            <subfield code="d">BTCTA</subfield>
            <subfield code="d">DLC</subfield>
          </datafield>
          <datafield tag="042" ind1=" " ind2=" ">
            <subfield code="a">lccopycat</subfield>
          </datafield>
          <datafield tag="050" ind1="0" ind2="0">
            <subfield code="a">PZ7.H1996</subfield>
            <subfield code="b">Ru 2012</subfield>
          </datafield>
          <datafield tag="082" ind1="0" ind2="4">
            <subfield code="a">[E]</subfield>
            <subfield code="2">23</subfield>
          </datafield>
          <datafield tag="100" ind1="1" ind2=" ">
            <subfield code="a">Hapka, Cathy.</subfield>
          </datafield>
          <datafield tag="245" ind1="1" ind2="0">
            <subfield code="a">Runaway ponies! /</subfield>
            <subfield code="c">by Catherine Hapka ; pictures by Anne Kennedy.</subfield>
          </datafield>
          <datafield tag="250" ind1=" " ind2=" ">
            <subfield code="a">1st ed.</subfield>
          </datafield>
          <datafield tag="260" ind1=" " ind2=" ">
            <subfield code="a">New York :</subfield>
            <subfield code="b">Harper,</subfield>
            <subfield code="c">c2012.</subfield>
          </datafield>
          <datafield tag="300" ind1=" " ind2=" ">
            <subfield code="a">32 p. :</subfield>
            <subfield code="b">col. ill. ;</subfield>
            <subfield code="c">24 cm.</subfield>
          </datafield>
          <datafield tag="490" ind1="0" ind2=" ">
            <subfield code="a">I can read! 2, reading with help</subfield>
          </datafield>
          <datafield tag="490" ind1="0" ind2=" ">
            <subfield code="a">Pony Scouts</subfield>
          </datafield>
          <datafield tag="521" ind1="1" ind2=" ">
            <subfield code="a">Ages 4-8.</subfield>
          </datafield>
          <datafield tag="520" ind1=" " ind2=" ">
            <subfield code="a">Staying with fellow Pony Scout Jill while her parents are away for the weekend, Meg looks forward to spending time with her friends and caring for Jill's ponies until an unlatched stall leads to a dramatic rescue effort.</subfield>
          </datafield>
          <datafield tag="650" ind1=" " ind2="0">
            <subfield code="a">Ponies</subfield>
            <subfield code="v">Juvenile fiction.</subfield>
          </datafield>
          <datafield tag="650" ind1=" " ind2="1">
            <subfield code="a">Ponies</subfield>
            <subfield code="v">Fiction.</subfield>
          </datafield>
          <datafield tag="650" ind1=" " ind2="1">
            <subfield code="a">Horses</subfield>
            <subfield code="v">Fiction.</subfield>
          </datafield>
          <datafield tag="655" ind1=" " ind2="7">
            <subfield code="a">Readers (Elementary)</subfield>
            <subfield code="2">lcsh</subfield>
          </datafield>
          <datafield tag="700" ind1="1" ind2=" ">
            <subfield code="a">Kennedy, Anne,</subfield>
            <subfield code="d">1955-</subfield>
            <subfield code="e">ill.</subfield>
          </datafield>
        </record>
      </zs:recordData>
      <zs:recordPosition>30</zs:recordPosition>
    </zs:record>