
    <zs:record>
      <zs:recordSchema/>
      <zs:recordPacking>xml</zs:recordPacking>
      <zs:recordData>
        <record xmlns="http://www.loc.gov/MARC21/slim">
          <leader>01184cam a22003253a 4500</leader>
          <controlfield tag="001">13620132</controlfield>
          <controlfield tag="005">20240228070928.0</controlfield>
          <controlfield tag="008">040609s2003    nyua   j      000 1 eng d</controlfield>
          <datafield tag="906" ind1=" " ind2=" ">
            <subfield code="a">7</subfield>
            <subfield code="b">cbc</subfield>
            <subfield code="c">copycat</subfield>
            <subfield code="d">3</subfield>
            <subfield code="e">ncip</subfield>
            <subfield code="f">20</subfield>
            <subfield code="g">y-gencatlg</subfield>
          </datafield>
          <datafield tag="925" ind1="0" ind2=" ">
            <subfield code="a">acquire</subfield>
            <subfield code="b">1 shelf copy</subfield>
            <subfield code="x">policy default</subfield>
          </datafield>
          <datafield tag="955" ind1=" " ind2=" ">
            <subfield code="a">px10 2004-06-09 z-processor</subfield>
            <subfield code="a">lc15 2007-05-22 to Ft. Meade UNASSESSED</subfield>
          </datafield>
          <datafield tag="010" ind1=" " ind2=" ">
            <subfield code="a">  2004300560</subfield>
          </datafield>
          <datafield tag="020" ind1=" " ind2=" ">
            <subfield code="a">0439573963 (pbk.)</subfield>
          </datafield>
          <datafield tag="035" ind1=" " ind2=" ">
            <subfield code="a">(OCoLC)ocm53171963</subfield>
          </datafield>
          <datafield tag="040" ind1=" " ind2=" ">
            <subfield code="a">IOJ</subfield>
            <subfield code="c">IOJ</subfield>
            <subfield code="d">OCLCQ</subfield>
            <subfield code="d">DLC</subfield>
          </datafield>
          <datafield tag="050" ind1="0" ind2="0">
            <subfield code="a">MLCS 2006/44706 (P)</subfield>
          </datafield>
          <datafield tag="097" ind1="1" ind2="4">
            <subfield code="a">PZ7.H47</subfield>
            <subfield code="b">We 2003</subfield>
          </datafield>
          <datafield tag="100" ind1="1" ind2=" ">
            <subfield code="a">Herman, Emmi S.</subfield>
          </datafield>
          <datafield tag="245" ind1="1" ind2="0">
            <subfield code="a">We all fall for apples /</subfield>
            <subfield code="c">by Emmi s. Herman ; illustrated by Anne Kennedy.</subfield>
          </datafield>
          <datafield tag="260" ind1=" " ind2=" ">
            <subfield code="a">New York :</subfield>
            <subfield code="b">Scholastic Inc.,</subfield>
            <subfield code="c">c2003.</subfield>
          </datafield>
          <datafield tag="300" ind1=" " ind2=" ">
            <subfield code="a">[32] p. :</subfield>
            <subfield code="b">col. ill. ;</subfield>
            <subfield code="c">20 cm.</subfield>
          </datafield>
          <datafield tag="440" ind1=" " ind2="0">
            <subfield code="a">Hello reader</subfield>
          </datafield>
          <datafield tag="500" ind1=" " ind2=" ">
            <subfield code="a">"This edition is only available for distribution through the school market"--P. [4] of cover.</subfield>
          </datafield>
          <datafield tag="520" ind1=" " ind2=" ">
            <subfield code="a">Simple text describes a trip to an apple farm.</subfield>
          </datafield>
          <datafield tag="500" ind1=" " ind2=" ">
            <subfield code="a">"Hello Reader! Chapter Book!"--Cover.</subfield>
          </datafield>
          <datafield tag="650" ind1=" " ind2="0">
            <subfield code="a">Apples</subfield>
            <subfield code="v">Juvenile literature.</subfield>
          </datafield>
          <datafield tag="650" ind1=" " ind2="1">
            <subfield code="a">Apples.</subfield>
          </datafield>
          <datafield tag="650" ind1=" " ind2="1">
            <subfield code="a">Rose family (Plants)</subfield>
          </datafield>
          <datafield tag="700" ind1="1" ind2=" ">
            <subfield code="a">Kennedy, Anne,</subfield>
            <subfield code="d">1955- ,</subfield>
            <subfield code="e">ill.</subfield>
          </datafield>
          <datafield tag="985" ind1=" " ind2=" ">
            <subfield code="e">Reorg P</subfield>
          </datafield>
        </record>
      </zs:recordData>
      <zs:recordPosition>32</zs:recordPosition>
    </zs:record>