
    <zs:record>
      <zs:recordSchema/>
      <zs:recordPacking>xml</zs:recordPacking>
      <zs:recordData>
        <record xmlns="http://www.loc.gov/MARC21/slim">
          <leader>02491cam a22004217i 4500</leader>
          <controlfield tag="001">20562747</controlfield>
          <controlfield tag="005">20180719115903.0</controlfield>
          <controlfield tag="008">180629t20162016nyua     b    001 0 eng d</controlfield>
          <datafield tag="906" ind1=" " ind2=" ">
            <subfield code="a">7</subfield>
            <subfield code="b">cbc</subfield>
            <subfield code="c">copycat</subfield>
            <subfield code="d">2</subfield>
            <subfield code="e">ncip</subfield>
            <subfield code="f">20</subfield>
            <subfield code="g">y-gencatlg</subfield>
          </datafield>
          <datafield tag="925" ind1="0" ind2=" ">
            <subfield code="a">acquire</subfield>
            <subfield code="b">1 shelf copy</subfield>
            <subfield code="x">policy default</subfield>
          </datafield>
          <datafield tag="955" ind1=" " ind2=" ">
            <subfield code="b">rl09 2018-07-19 z-processor</subfield>
            <subfield code="i">rl09 2018-07-19 ; to CALM</subfield>
          </datafield>
          <datafield tag="010" ind1=" " ind2=" ">
            <subfield code="a">  2017277460</subfield>
          </datafield>
          <datafield tag="020" ind1=" " ind2=" ">
            <subfield code="a">9781435166967</subfield>
            <subfield code="q">(hardcover)</subfield>
          </datafield>
          <datafield tag="020" ind1=" " ind2=" ">
            <subfield code="a">1435166965</subfield>
            <subfield code="q">(hardcover)</subfield>
          </datafield>
          <datafield tag="035" ind1=" " ind2=" ">
            <subfield code="a">(OCoLC)on1032828476</subfield>
          </datafield>
          <datafield tag="040" ind1=" " ind2=" ">
            <subfield code="a">TDS</subfield>
            <subfield code="c">TDS</subfield>
            <subfield code="e">rda</subfield>
            <subfield code="d">OCLCF</subfield>
            <subfield code="d">DLC</subfield>
          </datafield>
          <datafield tag="042" ind1=" " ind2=" ">
            <subfield code="a">lccopycat</subfield>
          </datafield>
          <datafield tag="050" ind1="0" ind2="0">
            <subfield code="a">RM666.A68</subfield>
            <subfield code="b">K465 2016</subfield>
          </datafield>
          <datafield tag="082" ind1="0" ind2="4">
            <subfield code="a">615.3/219</subfield>
            <subfield code="2">23</subfield>
          </datafield>
          <datafield tag="100" ind1="1" ind2=" ">
            <subfield code="a">Kennedy, Anne,</subfield>
            <subfield code="e">author.</subfield>
          </datafield>
          <datafield tag="245" ind1="1" ind2="0">
            <subfield code="a">Aromatherapy for natural living :</subfield>
            <subfield code="b">the A-Z reference of essential oils remedies for health, beauty, and the home /</subfield>
            <subfield code="c">Anne Kennedy.</subfield>
          </datafield>
          <datafield tag="246" ind1="3" ind2="0">
            <subfield code="a">A-Z reference of essential oils remedies for health, beauty, and the home</subfield>
          </datafield>
          <datafield tag="246" ind1="3" ind2="0">
            <subfield code="a">A-Z reference of essential oils remedies for health, beauty, &amp; the home</subfield>
          </datafield>
          <datafield tag="264" ind1=" " ind2="1">
            <subfield code="a">New York, NY :</subfield>
            <subfield code="b">Fall River Press,</subfield>
            <subfield code="c">[2016]</subfield>
          </datafield>
          <datafield tag="264" ind1=" " ind2="4">
            <subfield code="c">2016</subfield>
          </datafield>
          <datafield tag="300" ind1=" " ind2=" ">
            <subfield code="a">454 pages :</subfield>
            <subfield code="b">color illustrations ;</subfield>
            <subfield code="c">21 cm.</subfield>
          </datafield>
          <datafield tag="336" ind1=" " ind2=" ">
            <subfield code="a">text</subfield>
            <subfield code="b">txt</subfield>
            <subfield code="2">rdacontent</subfield>
          </datafield>
          <datafield tag="336" ind1=" " ind2=" ">
            <subfield code="a">still image</subfield>
            <subfield code="b">sti</subfield>
            <subfield code="2">rdacontent</subfield>
          </datafield>
          <datafield tag="337" ind1=" " ind2=" ">
            <subfield code="a">unmediated</subfield>
            <subfield code="b">n</subfield>
            <subfield code="2">rdamedia</subfield>
          </datafield>
          <datafield tag="338" ind1=" " ind2=" ">
            <subfield code="a">volume</subfield>
            <subfield code="b">nc</subfield>
            <subfield code="2">rdacarrier</subfield>
          </datafield>
          <datafield tag="520" ind1=" " ind2=" ">
            <subfield code="a">"Part reference manual, part recipe book, Aromatherapy for Natural Living is a comprehensive and straightforward guide to aromatherapy and essential oils. Whether you're just beginning to dip your toes in a fresh tub of lavender-tea tree bathwater, or if you are already immersed in minty rosemary-lemon mist, this brook provides over 400 recipes to try at home that will welcome you into deeper wellness and improved health in all aspects of life." --</subfield>
            <subfield code="c">Page [4] cover.</subfield>
          </datafield>
          <datafield tag="504" ind1=" " ind2=" ">
            <subfield code="a">Includes bibliographical references (pages 436-439) and indexes.</subfield>
          </datafield>
          <datafield tag="505" ind1="0" ind2=" ">
            <subfield code="a">Introduction -- Rooted in history -- Rooted in science -- Rooted in practice -- Remedies for health &amp; wellness -- Aromatherapy recipes for beauty -- Aromatherapy recipes for the home -- Essential oil profiles -- Measurement conversions -- Glossary -- Resources -- Continuing education -- Ailments/oils quick reference -- References -- Oils index -- Recipe index -- General index.</subfield>
          </datafield>
          <datafield tag="650" ind1=" " ind2="0">
            <subfield code="a">Aromatherapy.</subfield>
          </datafield>
          <datafield tag="650" ind1=" " ind2="0">
            <subfield code="a">Essences and essential oils</subfield>
            <subfield code="x">Therapeutic use.</subfield>
          </datafield>
          <datafield tag="650" ind1=" " ind2="7">
            <subfield code="a">Aromatherapy.</subfield>
            <subfield code="2">fast</subfield>
            <subfield code="0">(OCoLC)fst00815010</subfield>
          </datafield>
          <datafield tag="650" ind1=" " ind2="7">
            <subfield code="a">Essences and essential oils</subfield>
            <subfield code="x">Therapeutic use.</subfield>
            <subfield code="2">fast</subfield>
            <subfield code="0">(OCoLC)fst00915456</subfield>
          </datafield>
          <datafield tag="955" ind1=" " ind2=" ">
            <subfield code="a">rn04 2018-06-29</subfield>
          </datafield>
        </record>
      </zs:recordData>
      <zs:recordPosition>34</zs:recordPosition>
    </zs:record>