
    <zs:record>
      <zs:recordSchema/>
      <zs:recordPacking>xml</zs:recordPacking>
      <zs:recordData>
        <record xmlns="http://www.loc.gov/MARC21/slim">
          <leader>02226cam a2200517 i 4500</leader>
          <controlfield tag="001">19961794</controlfield>
          <controlfield tag="005">20200624093638.0</controlfield>
          <controlfield tag="008">170824s2018    ilua   j      000 1 eng d</controlfield>
          <datafield tag="906" ind1=" " ind2=" ">
            <subfield code="a">7</subfield>
            <subfield code="b">cbc</subfield>
            <subfield code="c">copycat</subfield>
            <subfield code="d">2</subfield>
            <subfield code="e">epcn</subfield>
            <subfield code="f">20</subfield>
            <subfield code="g">y-gencatlg</subfield>
          </datafield>
          <datafield tag="925" ind1="0" ind2=" ">
            <subfield code="a">acquire</subfield>
            <subfield code="b">1 shelf copy</subfield>
            <subfield code="x">policy default</subfield>
          </datafield>
          <datafield tag="955" ind1=" " ind2=" ">
            <subfield code="a">pc28 2017-08-24</subfield>
            <subfield code="a">xn11 2018-12-11 1 copy rec'd., to USPRLL</subfield>
            <subfield code="b">xk02 2018-12-11 z-processor</subfield>
            <subfield code="i">xk12 2020-06-18 (telework) c. 1 to CALM</subfield>
          </datafield>
          <datafield tag="010" ind1=" " ind2=" ">
            <subfield code="a">  2017953204</subfield>
          </datafield>
          <datafield tag="020" ind1=" " ind2=" ">
            <subfield code="a">9780807529713 (board book)</subfield>
          </datafield>
          <datafield tag="020" ind1=" " ind2=" ">
            <subfield code="a">0807529710 (board book)</subfield>
          </datafield>
          <datafield tag="035" ind1=" " ind2=" ">
            <subfield code="a">(OCoLC)on1023860917</subfield>
          </datafield>
          <datafield tag="040" ind1=" " ind2=" ">
            <subfield code="a">FIR</subfield>
            <subfield code="b">eng</subfield>
            <subfield code="c">FIR</subfield>
            <subfield code="e">rda</subfield>
            <subfield code="d">BTCTA</subfield>
            <subfield code="d">BDX</subfield>
            <subfield code="d">SXP</subfield>
            <subfield code="d">OCLCF</subfield>
            <subfield code="d">IGA</subfield>
            <subfield code="d">MLY</subfield>
            <subfield code="d">OCLCQ</subfield>
            <subfield code="d">TXLBH</subfield>
            <subfield code="d">DUD</subfield>
            <subfield code="d">TD7</subfield>
            <subfield code="d">ZPP</subfield>
            <subfield code="d">TXWBR</subfield>
            <subfield code="d">OCLCQ</subfield>
            <subfield code="d">UAP</subfield>
            <subfield code="d">OCLCQ</subfield>
            <subfield code="d">PRSPR</subfield>
            <subfield code="d">WC$</subfield>
            <subfield code="d">DLC</subfield>
          </datafield>
          <datafield tag="042" ind1=" " ind2=" ">
            <subfield code="a">lccopycat</subfield>
          </datafield>
          <datafield tag="050" ind1="0" ind2="0">
            <subfield code="a">PZ7.K3768</subfield>
            <subfield code="b">Go 2018</subfield>
          </datafield>
          <datafield tag="082" ind1="0" ind2="4">
            <subfield code="a">[E]</subfield>
            <subfield code="2">23</subfield>
          </datafield>
          <datafield tag="100" ind1="1" ind2=" ">
            <subfield code="a">Kennedy, Anne,</subfield>
            <subfield code="d">1955-</subfield>
            <subfield code="e">author.</subfield>
          </datafield>
          <datafield tag="245" ind1="1" ind2="0">
            <subfield code="a">Go baby! Go dog! /</subfield>
            <subfield code="c">Anne Vittur Kennedy.</subfield>
          </datafield>
          <datafield tag="264" ind1=" " ind2="1">
            <subfield code="a">[Chicago, Illinois] :</subfield>
            <subfield code="b">Albert Whitman and Company,</subfield>
            <subfield code="c">[2018]</subfield>
          </datafield>
          <datafield tag="300" ind1=" " ind2=" ">
            <subfield code="a">1 volume (unpaged) :</subfield>
            <subfield code="b">color illustrations ;</subfield>
            <subfield code="c">17 x 19 cm</subfield>
          </datafield>
          <datafield tag="336" ind1=" " ind2=" ">
            <subfield code="a">text</subfield>
            <subfield code="b">txt</subfield>
            <subfield code="2">rdacontent</subfield>
          </datafield>
          <datafield tag="336" ind1=" " ind2=" ">
            <subfield code="a">still image</subfield>
            <subfield code="b">sti</subfield>
            <subfield code="2">rdacontent</subfield>
          </datafield>
          <datafield tag="337" ind1=" " ind2=" ">
            <subfield code="a">unmediated</subfield>
            <subfield code="b">n</subfield>
            <subfield code="2">rdamedia</subfield>
          </datafield>
          <datafield tag="338" ind1=" " ind2=" ">
            <subfield code="a">volume</subfield>
            <subfield code="b">nc</subfield>
            <subfield code="2">rdacarrier</subfield>
          </datafield>
          <datafield tag="500" ind1=" " ind2=" ">
            <subfield code="a">Cover title.</subfield>
          </datafield>
          <datafield tag="500" ind1=" " ind2=" ">
            <subfield code="a">On baord pages.</subfield>
          </datafield>
          <datafield tag="520" ind1=" " ind2=" ">
            <subfield code="a">"Baby likes dog. Dog likes to be alone. But baby loves to crawl ... and follows Dog wherever he goes!"--Page [4] of cover.</subfield>
          </datafield>
          <datafield tag="650" ind1=" " ind2="0">
            <subfield code="a">Newborn infants</subfield>
            <subfield code="v">Juvenile fiction.</subfield>
          </datafield>
          <datafield tag="650" ind1=" " ind2="0">
            <subfield code="a">Brothers and sisters</subfield>
            <subfield code="v">Juvenile fiction.</subfield>
          </datafield>
          <datafield tag="650" ind1=" " ind2="0">
            <subfield code="a">Board books</subfield>
            <subfield code="v">Juvenile fiction.</subfield>
          </datafield>
          <datafield tag="650" ind1=" " ind2="1">
            <subfield code="a">Babies</subfield>
            <subfield code="v">Fiction.</subfield>
          </datafield>
          <datafield tag="650" ind1=" " ind2="4">
            <subfield code="a">Board books.</subfield>
          </datafield>
          <datafield tag="650" ind1=" " ind2="4">
            <subfield code="a">Newborn infants</subfield>
            <subfield code="v">Juvenile fiction.</subfield>
          </datafield>
          <datafield tag="650" ind1=" " ind2="7">
            <subfield code="a">JUVENILE FICTION</subfield>
            <subfield code="x">Animals</subfield>
            <subfield code="x">Dogs.</subfield>
            <subfield code="2">bisacsh</subfield>
          </datafield>
          <datafield tag="650" ind1=" " ind2="7">
            <subfield code="a">JUVENILE FICTION</subfield>
            <subfield code="x">Animals</subfield>
            <subfield code="x">Pets.</subfield>
            <subfield code="2">bisacsh</subfield>
          </datafield>
          <datafield tag="650" ind1=" " ind2="7">
            <subfield code="a">JUVENILE FICTION</subfield>
            <subfield code="x">Concepts.</subfield>
            <subfield code="2">bisacsh</subfield>
          </datafield>
          <datafield tag="650" ind1=" " ind2="7">
            <subfield code="a">Board books.</subfield>
            <subfield code="2">fast</subfield>
            <subfield code="0">(OCoLC)fst01202255</subfield>
          </datafield>
          <datafield tag="650" ind1=" " ind2="7">
            <subfield code="a">Brothers and sisters.</subfield>
            <subfield code="2">fast</subfield>
            <subfield code="0">(OCoLC)fst00839671</subfield>
          </datafield>
          <datafield tag="650" ind1=" " ind2="7">
            <subfield code="a">Newborn infants.</subfield>
            <subfield code="2">fast</subfield>
            <subfield code="0">(OCoLC)fst01430819</subfield>
          </datafield>
          <datafield tag="655" ind1=" " ind2="7">
            <subfield code="a">Board books.</subfield>
            <subfield code="2">fast</subfield>
            <subfield code="0">(OCoLC)fst01726782</subfield>
          </datafield>
          <datafield tag="655" ind1=" " ind2="7">
            <subfield code="a">Fiction.</subfield>
            <subfield code="2">fast</subfield>
            <subfield code="0">(OCoLC)fst01423787</subfield>
          </datafield>
          <datafield tag="655" ind1=" " ind2="7">
            <subfield code="a">Juvenile works.</subfield>
            <subfield code="2">fast</subfield>
            <subfield code="0">(OCoLC)fst01411637</subfield>
          </datafield>
          <datafield tag="856" ind1="4" ind2=" ">
            <subfield code="3">Image</subfield>
            <subfield code="u">http://www.perma-bound.com/ws/image/cover/006154458/m</subfield>
          </datafield>
        </record>
      </zs:recordData>
      <zs:recordPosition>43</zs:recordPosition>
    </zs:record>