
    <zs:record>
      <zs:recordSchema/>
      <zs:recordPacking>xml</zs:recordPacking>
      <zs:recordData>
        <record xmlns="http://www.loc.gov/MARC21/slim">
          <leader>01030cam a2200289 i 4500</leader>
          <controlfield tag="001">17866755</controlfield>
          <controlfield tag="005">20131227081418.0</controlfield>
          <controlfield tag="008">130827s2012    nz            000 0 eng  </controlfield>
          <datafield tag="906" ind1=" " ind2=" ">
            <subfield code="a">7</subfield>
            <subfield code="b">cbc</subfield>
            <subfield code="c">origres</subfield>
            <subfield code="d">3</subfield>
            <subfield code="e">ncip</subfield>
            <subfield code="f">20</subfield>
            <subfield code="g">y-gencatlg</subfield>
          </datafield>
          <datafield tag="925" ind1="0" ind2=" ">
            <subfield code="a">acquire</subfield>
            <subfield code="b">1 shelf copy</subfield>
            <subfield code="x">policy default</subfield>
          </datafield>
          <datafield tag="955" ind1=" " ind2=" ">
            <subfield code="b">hc04 2013-08-27 z-processor</subfield>
            <subfield code="i">hc11 2013-09-03 to BCCD</subfield>
            <subfield code="a">hc07 2013-09-04 (reviewer)</subfield>
            <subfield code="a">td11 2013-12-27 decimal removed before 2nd Cutter</subfield>
          </datafield>
          <datafield tag="010" ind1=" " ind2=" ">
            <subfield code="a">  2013433043</subfield>
          </datafield>
          <datafield tag="020" ind1=" " ind2=" ">
            <subfield code="a">9781869405939 (pbk.)</subfield>
          </datafield>
          <datafield tag="040" ind1=" " ind2=" ">
            <subfield code="a">DLC</subfield>
            <subfield code="b">eng</subfield>
            <subfield code="c">DLC</subfield>
            <subfield code="e">rda</subfield>
            <subfield code="d">DLC</subfield>
          </datafield>
          <datafield tag="042" ind1=" " ind2=" ">
            <subfield code="a">pcc</subfield>
          </datafield>
          <datafield tag="043" ind1=" " ind2=" ">
            <subfield code="a">u-nz---</subfield>
          </datafield>
          <datafield tag="050" ind1="0" ind2="0">
            <subfield code="a">PR9619.3.K475</subfield>
            <subfield code="b">D37 2012</subfield>
          </datafield>
          <datafield tag="100" ind1="1" ind2=" ">
            <subfield code="a">Kennedy, Anne,</subfield>
            <subfield code="d">1959-</subfield>
          </datafield>
          <datafield tag="245" ind1="1" ind2="4">
            <subfield code="a">The Darling North /</subfield>
            <subfield code="c">Kennedy, Anne.</subfield>
          </datafield>
          <datafield tag="264" ind1=" " ind2="1">
            <subfield code="a">Auckland, New Zealand :</subfield>
            <subfield code="b">Auckland University Press,</subfield>
            <subfield code="c">2012.</subfield>
          </datafield>
          <datafield tag="300" ind1=" " ind2=" ">
            <subfield code="a">87 pages ;</subfield>
            <subfield code="c">22 cm</subfield>
          </datafield>
          <datafield tag="336" ind1=" " ind2=" ">
            <subfield code="a">text</subfield>
            <subfield code="2">rdacontent</subfield>
          </datafield>
          <datafield tag="337" ind1=" " ind2=" ">
            <subfield code="a">unmediated</subfield>
            <subfield code="2">rdamedia</subfield>
          </datafield>
          <datafield tag="338" ind1=" " ind2=" ">
            <subfield code="a">volume</subfield>
            <subfield code="2">rdacarrier</subfield>
          </datafield>
          <datafield tag="650" ind1=" " ind2="0">
            <subfield code="a">Short stories, New Zealand.</subfield>
          </datafield>
          <datafield tag="650" ind1=" " ind2="0">
            <subfield code="a">New Zealand poetry</subfield>
            <subfield code="y">21st century.</subfield>
          </datafield>
          <datafield tag="923" ind1=" " ind2=" ">
            <subfield code="a">Purchase</subfield>
            <subfield code="d">15-08-13</subfield>
            <subfield code="n">1479723</subfield>
            <subfield code="s">Wheelers</subfield>
          </datafield>
        </record>
      </zs:recordData>
      <zs:recordPosition>51</zs:recordPosition>
    </zs:record>