
    <zs:record>
      <zs:recordSchema/>
      <zs:recordPacking>xml</zs:recordPacking>
      <zs:recordData>
        <record xmlns="http://www.loc.gov/MARC21/slim">
          <leader>02073cam a22004217i 4500</leader>
          <controlfield tag="001">20761823</controlfield>
          <controlfield tag="005">20181218124636.0</controlfield>
          <controlfield tag="008">181130t20182018nz            000 1 eng  </controlfield>
          <datafield tag="906" ind1=" " ind2=" ">
            <subfield code="a">7</subfield>
            <subfield code="b">cbc</subfield>
            <subfield code="c">copycat</subfield>
            <subfield code="d">3</subfield>
            <subfield code="e">ncip</subfield>
            <subfield code="f">20</subfield>
            <subfield code="g">y-gencatlg</subfield>
          </datafield>
          <datafield tag="925" ind1="0" ind2=" ">
            <subfield code="a">acquire</subfield>
            <subfield code="b">1 shelf copy</subfield>
            <subfield code="x">policy default</subfield>
          </datafield>
          <datafield tag="955" ind1=" " ind2=" ">
            <subfield code="b">hc17 2018-11-30 z-processor</subfield>
            <subfield code="i">hc14 2018-12-18 to BCCD</subfield>
          </datafield>
          <datafield tag="010" ind1=" " ind2=" ">
            <subfield code="a">  2018410908</subfield>
          </datafield>
          <datafield tag="020" ind1=" " ind2=" ">
            <subfield code="a">9781776562015 (paperback)</subfield>
          </datafield>
          <datafield tag="035" ind1=" " ind2=" ">
            <subfield code="a">(OCoLC)on1062349390</subfield>
          </datafield>
          <datafield tag="040" ind1=" " ind2=" ">
            <subfield code="a">NZ1</subfield>
            <subfield code="b">eng</subfield>
            <subfield code="c">NZ1</subfield>
            <subfield code="e">rda</subfield>
            <subfield code="d">OCLCO</subfield>
            <subfield code="d">UV1</subfield>
            <subfield code="d">DLC</subfield>
          </datafield>
          <datafield tag="042" ind1=" " ind2=" ">
            <subfield code="a">nznb</subfield>
            <subfield code="a">lccopycat</subfield>
          </datafield>
          <datafield tag="050" ind1="0" ind2="0">
            <subfield code="a">PR9619.3.K475</subfield>
            <subfield code="b">I34 2018</subfield>
          </datafield>
          <datafield tag="082" ind1="0" ind2="4">
            <subfield code="a">NZ823.2</subfield>
            <subfield code="2">23</subfield>
          </datafield>
          <datafield tag="100" ind1="1" ind2=" ">
            <subfield code="a">Kennedy, Anne,</subfield>
            <subfield code="d">1959-</subfield>
            <subfield code="e">author.</subfield>
          </datafield>
          <datafield tag="245" ind1="1" ind2="4">
            <subfield code="a">The Ice Shelf :</subfield>
            <subfield code="b">an eco-comedy /</subfield>
            <subfield code="c">Anne Kennedy.</subfield>
          </datafield>
          <datafield tag="264" ind1=" " ind2="1">
            <subfield code="a">Wellington [New Zealand] :</subfield>
            <subfield code="b">Victoria University Press,</subfield>
            <subfield code="c">2018.</subfield>
          </datafield>
          <datafield tag="264" ind1=" " ind2="4">
            <subfield code="c">2018</subfield>
          </datafield>
          <datafield tag="300" ind1=" " ind2=" ">
            <subfield code="a">320 pages ;</subfield>
            <subfield code="c">21 cm</subfield>
          </datafield>
          <datafield tag="336" ind1=" " ind2=" ">
            <subfield code="a">text</subfield>
            <subfield code="b">txt</subfield>
            <subfield code="2">rdacontent</subfield>
          </datafield>
          <datafield tag="337" ind1=" " ind2=" ">
            <subfield code="a">unmediated</subfield>
            <subfield code="b">n</subfield>
            <subfield code="2">rdamedia</subfield>
          </datafield>
          <datafield tag="338" ind1=" " ind2=" ">
            <subfield code="a">volume</subfield>
            <subfield code="b">nc</subfield>
            <subfield code="2">rdacarrier</subfield>
          </datafield>
          <datafield tag="500" ind1=" " ind2=" ">
            <subfield code="a">Novel.</subfield>
          </datafield>
          <datafield tag="520" ind1=" " ind2=" ">
            <subfield code="a">The Ice Shelf: an eco-comedy On the eve of flying to Antarctica to take up an arts fellowship, thirty-something Janice, recently separated, has a long night of remembrance, regret and realisation as she goes about the city looking for a friend to take care of her fridge while she's away. En route she discards section after section of her novel in the spirit of editing until there is nothing left to edit. The Ice Shelf, a novel written as Acknowledgements, is an allegory for the dangers of wasting love and other non-renewable resources. Cover illustration: Ant Sang.</subfield>
          </datafield>
          <datafield tag="650" ind1=" " ind2="0">
            <subfield code="a">Women authors, New Zealand</subfield>
            <subfield code="y">21st century</subfield>
            <subfield code="v">Fiction.</subfield>
          </datafield>
          <datafield tag="650" ind1=" " ind2="0">
            <subfield code="a">Fiction</subfield>
            <subfield code="x">Technique</subfield>
            <subfield code="v">Fiction.</subfield>
          </datafield>
          <datafield tag="650" ind1=" " ind2="0">
            <subfield code="a">Memory</subfield>
            <subfield code="v">Fiction.</subfield>
          </datafield>
          <datafield tag="650" ind1=" " ind2="0">
            <subfield code="a">Fiction</subfield>
            <subfield code="x">Authorship</subfield>
            <subfield code="v">Fiction.</subfield>
          </datafield>
          <datafield tag="650" ind1=" " ind2="0">
            <subfield code="a">Separated women</subfield>
            <subfield code="v">Fiction.</subfield>
          </datafield>
          <datafield tag="651" ind1=" " ind2="0">
            <subfield code="a">New Zealand</subfield>
            <subfield code="x">Social life and customs</subfield>
            <subfield code="v">Fiction.</subfield>
          </datafield>
          <datafield tag="650" ind1=" " ind2="0">
            <subfield code="a">Artists</subfield>
            <subfield code="x">Scholarships, fellowships, etc.</subfield>
            <subfield code="z">New Zealand</subfield>
            <subfield code="v">Fiction.</subfield>
          </datafield>
          <datafield tag="651" ind1=" " ind2="0">
            <subfield code="a">Wellington (N.Z.)</subfield>
            <subfield code="v">Fiction.</subfield>
          </datafield>
          <datafield tag="655" ind1=" " ind2="4">
            <subfield code="a">New Zealand fiction</subfield>
            <subfield code="y">21st century.</subfield>
            <subfield code="5">Nz</subfield>
          </datafield>
          <datafield tag="923" ind1=" " ind2=" ">
            <subfield code="a">Purchase</subfield>
            <subfield code="d">2018-11-07</subfield>
            <subfield code="n">INH0156125</subfield>
            <subfield code="s">ubiq</subfield>
          </datafield>
        </record>
      </zs:recordData>
      <zs:recordPosition>52</zs:recordPosition>
    </zs:record>