
    <zs:record>
      <zs:recordSchema/>
      <zs:recordPacking>xml</zs:recordPacking>
      <zs:recordData>
        <record xmlns="http://www.loc.gov/MARC21/slim">
          <leader>00993nam a2200265 a 4500</leader>
          <controlfield tag="001">3951514</controlfield>
          <controlfield tag="005">19940502142507.8</controlfield>
          <controlfield tag="008">930805s1993    at a          000 1 eng  </controlfield>
          <datafield tag="035" ind1=" " ind2=" ">
            <subfield code="9">(DLC)   93187650</subfield>
          </datafield>
          <datafield tag="906" ind1=" " ind2=" ">
            <subfield code="a">7</subfield>
            <subfield code="b">cbc</subfield>
            <subfield code="c">orignew</subfield>
            <subfield code="d">3</subfield>
            <subfield code="e">ncip</subfield>
            <subfield code="f">19</subfield>
            <subfield code="g">y-gencatlg</subfield>
          </datafield>
          <datafield tag="955" ind1=" " ind2=" ">
            <subfield code="a">RB12 8/05/93;rc18 12-22-93; ud05 to hlcd 01-27-94; lk17 02-09-94; lh06 02-09-94 (PR9619.3.K... M...); lj12 04-07-94; aa09 05-20-94</subfield>
          </datafield>
          <datafield tag="010" ind1=" " ind2=" ">
            <subfield code="a">   93187650 </subfield>
          </datafield>
          <datafield tag="020" ind1=" " ind2=" ">
            <subfield code="a">070222457X</subfield>
          </datafield>
          <datafield tag="040" ind1=" " ind2=" ">
            <subfield code="a">DLC</subfield>
            <subfield code="c">DLC</subfield>
          </datafield>
          <datafield tag="050" ind1="0" ind2="0">
            <subfield code="a">PR9619.3.K475</subfield>
            <subfield code="b">M97 1993</subfield>
          </datafield>
          <datafield tag="082" ind1="0" ind2="0">
            <subfield code="a">823</subfield>
            <subfield code="2">20</subfield>
          </datafield>
          <datafield tag="100" ind1="1" ind2=" ">
            <subfield code="a">Kennedy, Anne,</subfield>
            <subfield code="d">1959-</subfield>
          </datafield>
          <datafield tag="245" ind1="1" ind2="0">
            <subfield code="a">Mysica ficta /</subfield>
            <subfield code="c">Anne Kennedy.</subfield>
          </datafield>
          <datafield tag="260" ind1=" " ind2=" ">
            <subfield code="a">Queensland, Australia :</subfield>
            <subfield code="b">University of Queensland Press ;</subfield>
            <subfield code="a">Portland, Or. :</subfield>
            <subfield code="b">Distributed in the USA and Canada by International Specialized Book Services,</subfield>
            <subfield code="c">1993.</subfield>
          </datafield>
          <datafield tag="300" ind1=" " ind2=" ">
            <subfield code="a">xiii, 205 p. :</subfield>
            <subfield code="b">ill. ;</subfield>
            <subfield code="c">20 cm.</subfield>
          </datafield>
          <datafield tag="440" ind1=" " ind2="0">
            <subfield code="a">UQP fiction</subfield>
          </datafield>
          <datafield tag="490" ind1="0" ind2=" ">
            <subfield code="a">UQP paperbacks</subfield>
          </datafield>
          <datafield tag="655" ind1=" " ind2="7">
            <subfield code="a">Fables.</subfield>
            <subfield code="2">gsafd</subfield>
          </datafield>
          <datafield tag="922" ind1=" " ind2=" ">
            <subfield code="a">ap</subfield>
          </datafield>
          <datafield tag="991" ind1=" " ind2=" ">
            <subfield code="b">c-GenColl</subfield>
            <subfield code="h">PR9619.3.K475</subfield>
            <subfield code="i">M97 1993</subfield>
            <subfield code="t">Copy 1</subfield>
            <subfield code="w">BOOKS</subfield>
          </datafield>
        </record>
      </zs:recordData>
      <zs:recordPosition>54</zs:recordPosition>
    </zs:record>