
    <zs:record>
      <zs:recordSchema/>
      <zs:recordPacking>xml</zs:recordPacking>
      <zs:recordData>
        <record xmlns="http://www.loc.gov/MARC21/slim">
          <leader>02477cam a2200397 i 4500</leader>
          <controlfield tag="001">22689869</controlfield>
          <controlfield tag="005">20220902113154.0</controlfield>
          <controlfield tag="008">220711t20212021nz     g      00| p eng d</controlfield>
          <datafield tag="906" ind1=" " ind2=" ">
            <subfield code="a">7</subfield>
            <subfield code="b">cbc</subfield>
            <subfield code="c">copycat</subfield>
            <subfield code="d">3</subfield>
            <subfield code="e">ncip</subfield>
            <subfield code="f">20</subfield>
            <subfield code="g">y-gencatlg</subfield>
          </datafield>
          <datafield tag="925" ind1="0" ind2=" ">
            <subfield code="a">acquire</subfield>
            <subfield code="b">1 shelf copy</subfield>
            <subfield code="x">policy default</subfield>
          </datafield>
          <datafield tag="955" ind1=" " ind2=" ">
            <subfield code="b">hk18 2022-07-11 z-processor</subfield>
            <subfield code="a">hc15 2022-08-25 to PreServ</subfield>
          </datafield>
          <datafield tag="010" ind1=" " ind2=" ">
            <subfield code="a">  2021392889</subfield>
          </datafield>
          <datafield tag="016" ind1="7" ind2=" ">
            <subfield code="a">020465759</subfield>
            <subfield code="2">Uk</subfield>
          </datafield>
          <datafield tag="020" ind1=" " ind2=" ">
            <subfield code="a">9781869409586</subfield>
            <subfield code="q">(paperback)</subfield>
          </datafield>
          <datafield tag="020" ind1=" " ind2=" ">
            <subfield code="a">1869409582</subfield>
            <subfield code="q">(paperback)</subfield>
          </datafield>
          <datafield tag="035" ind1=" " ind2=" ">
            <subfield code="a">(OCoLC)on1280523436</subfield>
          </datafield>
          <datafield tag="040" ind1=" " ind2=" ">
            <subfield code="a">NZ1</subfield>
            <subfield code="b">eng</subfield>
            <subfield code="c">NZ1</subfield>
            <subfield code="e">rda</subfield>
            <subfield code="d">NZLPP</subfield>
            <subfield code="d">OCLCO</subfield>
            <subfield code="d">UKMGB</subfield>
            <subfield code="d">NZGPL</subfield>
            <subfield code="d">DLC</subfield>
          </datafield>
          <datafield tag="042" ind1=" " ind2=" ">
            <subfield code="a">pcc</subfield>
          </datafield>
          <datafield tag="043" ind1=" " ind2=" ">
            <subfield code="a">u-nz---</subfield>
          </datafield>
          <datafield tag="050" ind1="0" ind2="0">
            <subfield code="a">PR9619.3.K475</subfield>
            <subfield code="b">S43 2021</subfield>
          </datafield>
          <datafield tag="082" ind1="0" ind2="4">
            <subfield code="a">NZ821.3</subfield>
            <subfield code="2">23</subfield>
          </datafield>
          <datafield tag="100" ind1="1" ind2=" ">
            <subfield code="a">Kennedy, Anne,</subfield>
            <subfield code="d">1959-</subfield>
            <subfield code="e">author.</subfield>
          </datafield>
          <datafield tag="245" ind1="1" ind2="4">
            <subfield code="a">The sea walks into a wall /</subfield>
            <subfield code="c">Anne Kennedy.</subfield>
          </datafield>
          <datafield tag="264" ind1=" " ind2="1">
            <subfield code="a">Auckland, New Zealand :</subfield>
            <subfield code="b">Auckland University Press,</subfield>
            <subfield code="c">2021.</subfield>
          </datafield>
          <datafield tag="264" ind1=" " ind2="4">
            <subfield code="c">2021</subfield>
          </datafield>
          <datafield tag="300" ind1=" " ind2=" ">
            <subfield code="a">94 pages ;</subfield>
            <subfield code="c">22 cm</subfield>
          </datafield>
          <datafield tag="336" ind1=" " ind2=" ">
            <subfield code="a">text</subfield>
            <subfield code="2">rdacontent</subfield>
          </datafield>
          <datafield tag="337" ind1=" " ind2=" ">
            <subfield code="a">unmediated</subfield>
            <subfield code="2">rdamedia</subfield>
          </datafield>
          <datafield tag="338" ind1=" " ind2=" ">
            <subfield code="a">volume</subfield>
            <subfield code="2">rdacarrier</subfield>
          </datafield>
          <datafield tag="500" ind1=" " ind2=" ">
            <subfield code="a">Poems.</subfield>
          </datafield>
          <datafield tag="505" ind1="0" ind2=" ">
            <subfield code="a">Flood monologue -- The black drop : my history of ugly -- Two waters -- An hour -- Fox and hounds -- These scholars at the picnic one day -- Light on in the garden -- Shit-faced : the epistemology of the mask -- Dog and plague -- The dreamers -- The colour of the grass : notes on and off decoration -- The arrivals -- The sea walks into a wall -- What fell -- The book of changes -- In the way -- Warp and aho: a part-life in flax -- Sea wall canticle.</subfield>
          </datafield>
          <datafield tag="520" ind1=" " ind2=" ">
            <subfield code="a">"A biting new collection by award-winning poet Anne Kennedy. In The Sea Walks into a Wall, the natural world around us hits back. The sea crashes its glass onto the bar. You watch from afar. You'd take it all back if you could. Everything. You'd go down there and you'd. And talks back too. If I'm fucked, you're coming with me. Sincerely, the stream. From rainy Ihumatao to London's Kew Gardens, in the face of seas and streams, ducks and dogs, black drops and bureaucracies, humans bumble through. Without distractions you'd rush through your life like chi through an empty room. You bump into a baby and that takes up eighteen years. Love fills the room like a maze. Intelligent, playful, witty and innovative, these poems bite where it hurts." -- Publisher.</subfield>
          </datafield>
          <datafield tag="650" ind1=" " ind2="0">
            <subfield code="a">New Zealand poetry - 21st century.</subfield>
          </datafield>
          <datafield tag="655" ind1=" " ind2="4">
            <subfield code="a">New Zealand poetry</subfield>
            <subfield code="y">21st century.</subfield>
            <subfield code="5">Nz</subfield>
          </datafield>
          <datafield tag="655" ind1=" " ind2="7">
            <subfield code="a">Poetry.</subfield>
            <subfield code="2">lcgft</subfield>
          </datafield>
          <datafield tag="923" ind1=" " ind2=" ">
            <subfield code="a">Purchase</subfield>
            <subfield code="d">2022-06-28</subfield>
            <subfield code="n">I-INA0179711</subfield>
            <subfield code="s">Ubiq</subfield>
          </datafield>
        </record>
      </zs:recordData>
      <zs:recordPosition>55</zs:recordPosition>
    </zs:record>