
    <zs:record>
      <zs:recordSchema/>
      <zs:recordPacking>xml</zs:recordPacking>
      <zs:recordData>
        <record xmlns="http://www.loc.gov/MARC21/slim">
          <leader>03292pam a22003257a 4500</leader>
          <controlfield tag="001">13916056</controlfield>
          <controlfield tag="005">20060330120221.0</controlfield>
          <controlfield tag="008">050330s2003    nz            000 p eng  </controlfield>
          <datafield tag="906" ind1=" " ind2=" ">
            <subfield code="a">7</subfield>
            <subfield code="b">cbc</subfield>
            <subfield code="c">copycat</subfield>
            <subfield code="d">3</subfield>
            <subfield code="e">ncip</subfield>
            <subfield code="f">20</subfield>
            <subfield code="g">y-gencatlg</subfield>
          </datafield>
          <datafield tag="925" ind1="0" ind2=" ">
            <subfield code="a">acquire</subfield>
            <subfield code="b">2 shelf copies</subfield>
            <subfield code="x">policy default</subfield>
          </datafield>
          <datafield tag="955" ind1=" " ind2=" ">
            <subfield code="a">nb07 2005-03-30 z-processor copy 1 to HLCD for processing</subfield>
            <subfield code="c">lk29 2006-03-24 to subj.</subfield>
            <subfield code="e">lh36 2006-03-30 to BCCD</subfield>
          </datafield>
          <datafield tag="010" ind1=" " ind2=" ">
            <subfield code="a">  2005360129</subfield>
          </datafield>
          <datafield tag="020" ind1=" " ind2=" ">
            <subfield code="a">9781869402952 (pbk.)</subfield>
          </datafield>
          <datafield tag="020" ind1=" " ind2=" ">
            <subfield code="a">1869402952 (pbk.)</subfield>
          </datafield>
          <datafield tag="035" ind1=" " ind2=" ">
            <subfield code="a">7684719</subfield>
          </datafield>
          <datafield tag="035" ind1=" " ind2=" ">
            <subfield code="a">(NLNZils)851555</subfield>
          </datafield>
          <datafield tag="035" ind1=" " ind2=" ">
            <subfield code="a">(BNAtoc)V4J90605</subfield>
          </datafield>
          <datafield tag="040" ind1=" " ind2=" ">
            <subfield code="a">NZNB</subfield>
            <subfield code="c">NZNB</subfield>
            <subfield code="d">DLC</subfield>
          </datafield>
          <datafield tag="042" ind1=" " ind2=" ">
            <subfield code="a">lccopycat</subfield>
          </datafield>
          <datafield tag="050" ind1="0" ind2="0">
            <subfield code="a">PR9619.3.K475</subfield>
            <subfield code="b">S56 2003</subfield>
          </datafield>
          <datafield tag="082" ind1="0" ind2="4">
            <subfield code="a">NZ821.3</subfield>
            <subfield code="2">21</subfield>
          </datafield>
          <datafield tag="100" ind1="1" ind2=" ">
            <subfield code="a">Kennedy, Anne,</subfield>
            <subfield code="d">1959-</subfield>
          </datafield>
          <datafield tag="245" ind1="1" ind2="0">
            <subfield code="a">Sing-song /</subfield>
            <subfield code="c">Anne Kennedy.</subfield>
          </datafield>
          <datafield tag="260" ind1=" " ind2=" ">
            <subfield code="a">Auckland, N.Z. :</subfield>
            <subfield code="b">Auckland University Press,</subfield>
            <subfield code="c">2003</subfield>
            <subfield code="g">(2004 printing)</subfield>
          </datafield>
          <datafield tag="300" ind1=" " ind2=" ">
            <subfield code="a">128 p. ;</subfield>
            <subfield code="c">20 cm.</subfield>
          </datafield>
          <datafield tag="500" ind1=" " ind2=" ">
            <subfield code="a">Poems.</subfield>
          </datafield>
          <datafield tag="505" ind1="0" ind2=" ">
            <subfield code="t">Prologue: Da da -- The sing-song -- Myths and legends -- Going out, Grey Lynn -- Drift -- North-Western Motorway -- Epithalamium -- Consequence -- Spanner -- Turangawaewae -- Family planning association -- Life's important events are often veiled -- Order of preference -- Meantime -- Masked ball -- Thank you -- Plunket visits St. Helena -- Newborn baby -- Whenua (I) -- Art, Arch Hill -- Futures -- Her first archive -- Untitled -- All Souls, c.1964 -- Quack -- Lamentation -- Blackout -- Little lives, Leigh -- Shopping, Warkworth -- Advice -- And effect -- Jung -- The first rite -- Om -- Linguistics -- Readers and Fucking Writers Week -- Christening -- Prayer replacing sleep -- The Man She Wears on Her Back -- The anointing with steroid cream offered by the General Practitioner -- Lock and key -- Sparrows -- Do us a favour -- The magazine of white children -- The Cult of the Virgin -- Third rite -- Wyf of Bath -- Cataract --  Geology -- Holy War -- Cat Tales -- I Am (1) -- I Am (2) -- Wet patch -- Children's Section, Grey Lynn Library -- Yellow lava lava, Wellington -- Document -- I was a feminist in the eighties -- Nuclear winter -- Love Poem (1) -- Tarawera, fifth rite -- Untitled (too tired) -- Doubt -- The eczema-mother takes a part-time job -- Defence, Cheltenham -- Christ, not another rite! -- Whakapapa -- The Bells of Westminster -- Pacific -- Dragon Spleen (seventh rite) -- They are getting closer to God all the time -- Baby v. Homeopath -- Love poem (2) -- What Happened Next Door -- Outlook for Monday -- Millennium -- Witchy -- Red shoes -- Realm, New Lynn -- What he saw -- Well -- Whenua (2) -- Epilogue: I tell you solemnly.</subfield>
          </datafield>
          <datafield tag="520" ind1="1" ind2=" ">
            <subfield code="a">"Anne Kennedy's first book of poetry deals with the domestic life of a family - mother, father, and two small children - but in particular the gruelling experience of eczema from which the little girl suffers. Told from the mother's point of view and set amid moves of house, the textures of a Maori/Pakeha household, and fruitless encounters with 'healers' of many kinds, Kennedy weaves a moving and profoundly recognisable picture of parenthood - its anxieties and joys, its fatigue - the contemporary situation of women and the power of love under harsh circumstances"--Book jacket.</subfield>
          </datafield>
          <datafield tag="655" ind1=" " ind2="7">
            <subfield code="a">New Zealand poetry</subfield>
            <subfield code="y">21st century.</subfield>
            <subfield code="2">lcsh</subfield>
          </datafield>
          <datafield tag="923" ind1=" " ind2=" ">
            <subfield code="d">20050218</subfield>
            <subfield code="n">22327</subfield>
            <subfield code="s">South Pacific Books.</subfield>
          </datafield>
        </record>
      </zs:recordData>
      <zs:recordPosition>56</zs:recordPosition>
    </zs:record>