
    <zs:record>
      <zs:recordSchema/>
      <zs:recordPacking>xml</zs:recordPacking>
      <zs:recordData>
        <record xmlns="http://www.loc.gov/MARC21/slim">
          <leader>01130cam a2200289 a 4500</leader>
          <controlfield tag="001">14095244</controlfield>
          <controlfield tag="005">20060725180629.0</controlfield>
          <controlfield tag="008">050901s2005    nz            000 0 eng d</controlfield>
          <datafield tag="906" ind1=" " ind2=" ">
            <subfield code="a">7</subfield>
            <subfield code="b">cbc</subfield>
            <subfield code="c">copycat</subfield>
            <subfield code="d">3</subfield>
            <subfield code="e">ncip</subfield>
            <subfield code="f">20</subfield>
            <subfield code="g">y-gencatlg</subfield>
          </datafield>
          <datafield tag="925" ind1="0" ind2=" ">
            <subfield code="a">acquire</subfield>
            <subfield code="b">2 shelf copies</subfield>
            <subfield code="x">policy default</subfield>
          </datafield>
          <datafield tag="955" ind1=" " ind2=" ">
            <subfield code="a">nb07 2005-09-01 z-processor copy 1 to HLCD for processing</subfield>
            <subfield code="i">lh45 2005-10-14</subfield>
            <subfield code="e">lh45 2005-10-14 to BCCD</subfield>
          </datafield>
          <datafield tag="010" ind1=" " ind2=" ">
            <subfield code="a">  2005440385</subfield>
          </datafield>
          <datafield tag="015" ind1=" " ind2=" ">
            <subfield code="a">GBA549973</subfield>
            <subfield code="2">bnb</subfield>
          </datafield>
          <datafield tag="020" ind1=" " ind2=" ">
            <subfield code="a">1869403428 (pbk.)</subfield>
          </datafield>
          <datafield tag="035" ind1=" " ind2=" ">
            <subfield code="a">(OCoLC)ocm60667576</subfield>
          </datafield>
          <datafield tag="040" ind1=" " ind2=" ">
            <subfield code="a">UKM</subfield>
            <subfield code="c">UKM</subfield>
            <subfield code="d">DLC</subfield>
          </datafield>
          <datafield tag="042" ind1=" " ind2=" ">
            <subfield code="a">lccopycat</subfield>
          </datafield>
          <datafield tag="050" ind1="0" ind2="0">
            <subfield code="a">PR9619.3.K475</subfield>
            <subfield code="b">T56 2005</subfield>
          </datafield>
          <datafield tag="082" ind1="0" ind2="4">
            <subfield code="a">821.92</subfield>
            <subfield code="2">22</subfield>
          </datafield>
          <datafield tag="100" ind1="1" ind2=" ">
            <subfield code="a">Kennedy, Anne,</subfield>
            <subfield code="d">1959-</subfield>
          </datafield>
          <datafield tag="245" ind1="1" ind2="4">
            <subfield code="a">The time of the giants /</subfield>
            <subfield code="c">Anne Kennedy.</subfield>
          </datafield>
          <datafield tag="260" ind1=" " ind2=" ">
            <subfield code="a">Auckland, N.Z. :</subfield>
            <subfield code="b">Auckland University Press,</subfield>
            <subfield code="c">2005.</subfield>
          </datafield>
          <datafield tag="300" ind1=" " ind2=" ">
            <subfield code="a">114 p. ;</subfield>
            <subfield code="c">22 cm.</subfield>
          </datafield>
          <datafield tag="650" ind1=" " ind2="0">
            <subfield code="a">New Zealand poetry</subfield>
            <subfield code="y">21st century.</subfield>
          </datafield>
          <datafield tag="856" ind1="4" ind2="2">
            <subfield code="3">Contributor biographical information</subfield>
            <subfield code="u">http://www.loc.gov/catdir/enhancements/fy0628/2005440385-b.html</subfield>
          </datafield>
          <datafield tag="856" ind1="4" ind2="2">
            <subfield code="3">Publisher description</subfield>
            <subfield code="u">http://www.loc.gov/catdir/enhancements/fy0628/2005440385-d.html</subfield>
          </datafield>
          <datafield tag="923" ind1=" " ind2=" ">
            <subfield code="d">20050624</subfield>
            <subfield code="n">22982</subfield>
            <subfield code="s">South Pacific Books.</subfield>
          </datafield>
        </record>
      </zs:recordData>
      <zs:recordPosition>57</zs:recordPosition>
    </zs:record>