
    <zs:record>
      <zs:recordSchema/>
      <zs:recordPacking>xml</zs:recordPacking>
      <zs:recordData>
        <record xmlns="http://www.loc.gov/MARC21/slim">
          <leader>01126nam a2200313 a 4500</leader>
          <controlfield tag="001">1952106</controlfield>
          <controlfield tag="005">19910412152243.6</controlfield>
          <controlfield tag="008">870303s1987    ilua   j      000 1 eng d</controlfield>
          <datafield tag="035" ind1=" " ind2=" ">
            <subfield code="9">(DLC)   87070609</subfield>
          </datafield>
          <datafield tag="906" ind1=" " ind2=" ">
            <subfield code="a">7</subfield>
            <subfield code="b">cbc</subfield>
            <subfield code="c">copycat</subfield>
            <subfield code="d">3</subfield>
            <subfield code="e">opcn</subfield>
            <subfield code="f">19</subfield>
            <subfield code="g">y-gencatlg</subfield>
          </datafield>
          <datafield tag="955" ind1=" " ind2=" ">
            <subfield code="a">bx35 02-23-88; bx08 to bd00 03-08-88; na21 01-03-91</subfield>
          </datafield>
          <datafield tag="010" ind1=" " ind2=" ">
            <subfield code="a">   87070609 </subfield>
          </datafield>
          <datafield tag="020" ind1=" " ind2=" ">
            <subfield code="a">1555132472</subfield>
          </datafield>
          <datafield tag="035" ind1=" " ind2=" ">
            <subfield code="a">(OCoLC)19979859</subfield>
          </datafield>
          <datafield tag="040" ind1=" " ind2=" ">
            <subfield code="a">OClCo</subfield>
            <subfield code="c">DLC</subfield>
            <subfield code="d">DLC</subfield>
          </datafield>
          <datafield tag="042" ind1=" " ind2=" ">
            <subfield code="a">lccopycat</subfield>
          </datafield>
          <datafield tag="050" ind1="0" ind2="0">
            <subfield code="a">MLCS 91/02047 (P)</subfield>
          </datafield>
          <datafield tag="100" ind1="1" ind2=" ">
            <subfield code="a">Murphy, Elspeth Campbell.</subfield>
          </datafield>
          <datafield tag="245" ind1="1" ind2="0">
            <subfield code="a">Too many bunnies /</subfield>
            <subfield code="c">Elspeth Campbell Murphy ; illustrated by Anne Kennedy.</subfield>
          </datafield>
          <datafield tag="260" ind1=" " ind2=" ">
            <subfield code="a">Elgin, Ill. :</subfield>
            <subfield code="b">Chariot Books,</subfield>
            <subfield code="c">c1987.</subfield>
          </datafield>
          <datafield tag="300" ind1=" " ind2=" ">
            <subfield code="a">24 p. :</subfield>
            <subfield code="b">col. ill. ;</subfield>
            <subfield code="c">16 cm.</subfield>
          </datafield>
          <datafield tag="490" ind1="1" ind2=" ">
            <subfield code="a">Brenda learns about God</subfield>
          </datafield>
          <datafield tag="520" ind1=" " ind2=" ">
            <subfield code="a">Brenda learns a lesson in friendship when her two friends come to a party wearing the same costume as Brenda.</subfield>
          </datafield>
          <datafield tag="650" ind1=" " ind2="0">
            <subfield code="a">Costume</subfield>
            <subfield code="x">Fiction.</subfield>
          </datafield>
          <datafield tag="650" ind1=" " ind2="0">
            <subfield code="a">Friendship</subfield>
            <subfield code="x">Fiction.</subfield>
          </datafield>
          <datafield tag="700" ind1="1" ind2=" ">
            <subfield code="a">Kennedy, Anne,</subfield>
            <subfield code="d">1955-</subfield>
            <subfield code="e">ill.</subfield>
          </datafield>
          <datafield tag="800" ind1="1" ind2=" ">
            <subfield code="a">Murphy, Elspeth Campbell.</subfield>
            <subfield code="t">Brenda learns about God.</subfield>
          </datafield>
          <datafield tag="922" ind1=" " ind2=" ">
            <subfield code="a">co</subfield>
          </datafield>
          <datafield tag="991" ind1=" " ind2=" ">
            <subfield code="b">c-GenColl</subfield>
            <subfield code="h">MLCS 91/02047 (P)</subfield>
            <subfield code="t">Copy 1</subfield>
            <subfield code="w">BOOKS</subfield>
          </datafield>
        </record>
      </zs:recordData>
      <zs:recordPosition>68</zs:recordPosition>
    </zs:record>