
    <zs:record>
      <zs:recordSchema/>
      <zs:recordPacking>xml</zs:recordPacking>
      <zs:recordData>
        <record xmlns="http://www.loc.gov/MARC21/slim">
          <leader>01428cam a2200349 a 4500</leader>
          <controlfield tag="001">3086691</controlfield>
          <controlfield tag="005">20130910154028.0</controlfield>
          <controlfield tag="008">980408s1998    tnua   b      000 0 eng  </controlfield>
          <datafield tag="906" ind1=" " ind2=" ">
            <subfield code="a">7</subfield>
            <subfield code="b">cbc</subfield>
            <subfield code="c">orignew</subfield>
            <subfield code="d">1</subfield>
            <subfield code="e">ocip</subfield>
            <subfield code="f">19</subfield>
            <subfield code="g">y-gencatlg</subfield>
          </datafield>
          <datafield tag="955" ind1=" " ind2=" ">
            <subfield code="a">pc03 to sa00 04-08-98; sh02 04-09-98; sh06 04-16-98; sh015 04-17-98; lb00 04-23-98; lb14 04-28-98; CIP ver. sh16 07-16-99</subfield>
          </datafield>
          <datafield tag="010" ind1=" " ind2=" ">
            <subfield code="a">   98007247 </subfield>
          </datafield>
          <datafield tag="020" ind1=" " ind2=" ">
            <subfield code="a">0849958571</subfield>
          </datafield>
          <datafield tag="035" ind1=" " ind2=" ">
            <subfield code="9">(DLC)   98007247</subfield>
          </datafield>
          <datafield tag="040" ind1=" " ind2=" ">
            <subfield code="a">DLC</subfield>
            <subfield code="c">DLC</subfield>
            <subfield code="d">DLC</subfield>
          </datafield>
          <datafield tag="042" ind1=" " ind2=" ">
            <subfield code="a">lcac</subfield>
          </datafield>
          <datafield tag="050" ind1="1" ind2="0">
            <subfield code="a">BV4647.T7</subfield>
            <subfield code="b">S47 1998</subfield>
          </datafield>
          <datafield tag="082" ind1="0" ind2="0">
            <subfield code="a">241/.4</subfield>
            <subfield code="2">21</subfield>
          </datafield>
          <datafield tag="100" ind1="1" ind2=" ">
            <subfield code="a">Simon, Mary Manz,</subfield>
            <subfield code="d">1948-</subfield>
          </datafield>
          <datafield tag="245" ind1="1" ind2="0">
            <subfield code="a">What did Jesus do?</subfield>
            <subfield code="p">Stories about honesty &amp; forgiveness /</subfield>
            <subfield code="c">Mary Manz Simon ; illustrated by Anne Kennedy.</subfield>
          </datafield>
          <datafield tag="260" ind1=" " ind2=" ">
            <subfield code="a">Nashville :</subfield>
            <subfield code="b">T. Nelson,</subfield>
            <subfield code="c">c1998.</subfield>
          </datafield>
          <datafield tag="300" ind1=" " ind2=" ">
            <subfield code="a">1 v. (unpaged) :</subfield>
            <subfield code="b">col. ill. ;</subfield>
            <subfield code="c">27 cm.</subfield>
          </datafield>
          <datafield tag="520" ind1=" " ind2=" ">
            <subfield code="a">Relates two stories dealing with contemporary problems, then presents flashbacks to Biblical times to see what Jesus did in similar situations.</subfield>
          </datafield>
          <datafield tag="650" ind1=" " ind2="0">
            <subfield code="a">Honesty</subfield>
            <subfield code="v">Juvenile literature.</subfield>
          </datafield>
          <datafield tag="650" ind1=" " ind2="0">
            <subfield code="a">Forgiveness</subfield>
            <subfield code="x">Religious aspects</subfield>
            <subfield code="x">Christianity</subfield>
            <subfield code="v">Juvenile literature.</subfield>
          </datafield>
          <datafield tag="650" ind1=" " ind2="0">
            <subfield code="a">Bible stories, English</subfield>
            <subfield code="x">Gospels.</subfield>
          </datafield>
          <datafield tag="600" ind1="0" ind2="0">
            <subfield code="a">Jesus Christ</subfield>
            <subfield code="x">Example</subfield>
            <subfield code="v">Juvenile literature.</subfield>
          </datafield>
          <datafield tag="650" ind1=" " ind2="1">
            <subfield code="a">Honesty.</subfield>
          </datafield>
          <datafield tag="650" ind1=" " ind2="1">
            <subfield code="a">Forgiveness</subfield>
            <subfield code="x">Religious aspects</subfield>
            <subfield code="x">Christianity.</subfield>
          </datafield>
          <datafield tag="650" ind1=" " ind2="1">
            <subfield code="a">Bible stories</subfield>
            <subfield code="x">New Testament</subfield>
          </datafield>
          <datafield tag="650" ind1=" " ind2="1">
            <subfield code="a">Christian life.</subfield>
          </datafield>
          <datafield tag="700" ind1="1" ind2=" ">
            <subfield code="a">Kennedy, Anne,</subfield>
            <subfield code="d">1955-</subfield>
            <subfield code="e">ill.</subfield>
          </datafield>
          <datafield tag="920" ind1=" " ind2=" ">
            <subfield code="a">DO NOT ACQUIRE</subfield>
          </datafield>
        </record>
      </zs:recordData>
      <zs:recordPosition>78</zs:recordPosition>
    </zs:record>